<record><leader>00000cas a2200000 a 4500</leader><controlfield tag="001">11312838</controlfield><controlfield tag="008">841026d18881889ksuwr ne      0   a0eng d</controlfield><datafield ind1=" " ind2=" " tag="010"><subfield code="a">sn 84030224 </subfield></datafield><datafield ind1=" " ind2=" " tag="040"><subfield code="a">KSH</subfield><subfield code="b">eng</subfield><subfield code="c">KSH</subfield><subfield code="d">NPT</subfield><subfield code="d">OCL</subfield><subfield code="d">OCLCQ</subfield></datafield><datafield ind1=" " ind2=" " tag="042"><subfield code="a">msc</subfield></datafield><datafield ind1="0" ind2="0" tag="245"><subfield code="a">Horace messenger.</subfield></datafield><datafield ind1=" " ind2=" " tag="260"><subfield code="a">Horace, Kan. :</subfield><subfield code="b">A.J. Hunter, A.C. Fulkerson,</subfield><subfield code="c">1888-</subfield></datafield><datafield ind1=" " ind2=" " tag="300"><subfield code="a">v. :</subfield><subfield code="b">ill. ;</subfield><subfield code="c">62-69 cm.</subfield></datafield><datafield ind1=" " ind2=" " tag="310"><subfield code="a">Weekly</subfield></datafield><datafield ind1="0" ind2=" " tag="362"><subfield code="a">Vol. 2, no. 43 (Feb. 2, 1888) ; vol. 1, no. 2 (Feb. 9, 1888)-</subfield></datafield><datafield ind1="1" ind2=" " tag="362"><subfield code="a">Ceased with May 16, 1889 issue?</subfield></datafield><datafield ind1=" " ind2=" " tag="500"><subfield code="a">Published by A.J. Hunter, Jan. 24, 1889-</subfield></datafield><datafield ind1=" " ind2=" " tag="752"><subfield code="a">United States</subfield><subfield code="b">Kansas</subfield><subfield code="c">Greeley</subfield><subfield code="d">Horace.</subfield></datafield><datafield ind1="0" ind2="4" tag="780"><subfield code="t">Greeley County news</subfield><subfield code="w">(DLC)sn 84030226</subfield></datafield><datafield ind1="0" ind2="4" tag="780"><subfield code="t">Greeley County gazette</subfield><subfield code="w">(DLC)sn 84030225</subfield></datafield></record>